@article{kochkov2024neural,
  title={Neural general circulation models for weather and climate},
  author={Kochkov, Dmitrii and Yuval, Janni and Langmore, Ian and Norgaard, Peter and Smith, Jamie and Mooers, Griffin and Kl{\"o}wer, Milan and Lottes, James and Rasp, Stephan and D{\"u}ben, Peter and others},
  journal={Nature},
  volume={632},
  number={8027},
  pages={1060--1066},
  year={2024},
  publisher={Nature Publishing Group UK London}
}

@misc{pathak2022fcastnet,
      title={FourCastNet: A Global Data-driven High-resolution Weather Model using Adaptive Fourier Neural Operators}, 
      author={Jaideep Pathak and Shashank Subramanian and Peter Harrington and Sanjeev Raja and Ashesh Chattopadhyay and Morteza Mardani and Thorsten Kurth and David Hall and Zongyi Li and Kamyar Azizzadenesheli and Pedram Hassanzadeh and Karthik Kashinath and Animashree Anandkumar},
      year={2022},
      eprint={2202.11214},
      archivePrefix={arXiv},
      primaryClass={physics.ao-ph},
      url={https://arxiv.org/abs/2202.11214}, 
}