% Verzeichnis der verwendeten Literatur
%----------------------------------------
%
%   Version: 3.25        (Koma-Skript, documentclass{scrbook})
%   Datum: 15.06.2018
%
%----------------------------------------

@unpublished{DoppelbauerHEF,
	author = {Doppelbauer, Martin},
	title = {Entwurf elektrischer Maschinen, Skript zur Vorlesung},
	year = {2016}
}